<?xml version="1.0" encoding="UTF-8"?><collection xmlns="http://www.loc.gov/MARC21/slim"><record><leader>00358nam--2200121-i-4500</leader><controlfield tag="001">000021222</controlfield><controlfield tag="002">20161230</controlfield><controlfield tag="005">20161230201034</controlfield><controlfield tag="008">060222s1000------------r-----000-0-eng-d</controlfield><datafield ind1=" " ind2=" " tag="245"><subfield code="a">International conference on operator theory and group representations. reports. 1955</subfield></datafield><datafield ind1=" " ind2=" " tag="260"><subfield code="a">Washington, Nat.Acad. Of Science, 1955, 37p</subfield></datafield><datafield ind1=" " ind2=" " tag="490"><subfield code="a">Publ. 387</subfield></datafield><datafield ind1=" " ind2=" " tag="852"><subfield code="a">12197</subfield></datafield></record></collection>